@article{WANG2022259,
title = {Corporate finance risk prediction based on LightGBM},
journal = {Information Sciences},
volume = {602},
pages = {259-268},
year = {2022},
issn = {0020-0255},
doi = {https://doi.org/10.1016/j.ins.2022.04.058},
url = {https://www.sciencedirect.com/science/article/pii/S002002552200411X},
author = {Di-ni Wang and Lang Li and Da Zhao},
keywords = {Finance risk prediction, LightGBM, Machine learning, Supply chain}
}
@article{ke2017lightgbm,
  title={Lightgbm: A highly efficient gradient boosting decision tree},
  author={Ke, Guolin and Meng, Qi and Finley, Thomas and Wang, Taifeng and Chen, Wei and Ma, Weidong and Ye, Qiwei and Liu, Tie-Yan},
  journal={Advances in neural information processing systems},
  volume={30},
  year={2017}
}
@article{scikit-learn,
  title={Scikit-learn: Machine Learning in {P}ython},
  author={Pedregosa, F. and Varoquaux, G. and Gramfort, A. and Michel, V.
          and Thirion, B. and Grisel, O. and Blondel, M. and Prettenhofer, P.
          and Weiss, R. and Dubourg, V. and Vanderplas, J. and Passos, A. and
          Cournapeau, D. and Brucher, M. and Perrot, M. and Duchesnay, E.},
  journal={Journal of Machine Learning Research},
  volume={12},
  pages={2825--2830},
  year={2011}
}
@incollection{shap,
title = {A Unified Approach to Interpreting Model Predictions},
author = {Lundberg, Scott M and Lee, Su-In},
booktitle = {Advances in Neural Information Processing Systems 30},
editor = {I. Guyon and U. V. Luxburg and S. Bengio and H. Wallach and R. Fergus and S. Vishwanathan and R. Garnett},
pages = {4765--4774},
year = {2017},
publisher = {Curran Associates, Inc.},
url = {http://papers.nips.cc/paper/7062-a-unified-approach-to-interpreting-model-predictions.pdf}
}
@article{wang2024ensemble,
  title={An ensemble model for stock index prediction based on media attention and emotional causal inference},
  author={Wang, Juanjuan and Zhou, Shujie and Liu, Wentong and Jiang, Lin},
  journal={Journal of Forecasting},
  volume={43},
  number={6},
  pages={1998--2020},
  year={2024},
  publisher={Wiley Online Library}
}
@article{kaplanski2010sentiment,
  title={Sentiment and stock prices: The case of aviation disasters},
  author={Kaplanski, Guy and Levy, Haim},
  journal={Journal of financial economics},
  volume={95},
  number={2},
  pages={174--201},
  year={2010},
  publisher={Elsevier}
}
@mastersthesis{jakel2019using,
  title={Using Sentiment Data from the Global Database for Events, Language and Tone (GDELT) to Predict Short-Term Stock Price Developments},
  author={Jakel, Tibor},
  type={{B.S.} thesis},
  year={2019},
  school={University of Twente}
}
@inproceedings{alamro2019predicting,
  title={Predicting saudi stock market index by incorporating gdelt using multivariate time series modelling},
  author={Alamro, Rawan and McCarren, Andrew and Al-Rasheed, Amal},
  booktitle={Advances in Data Science, Cyber Security and IT Applications: First International Conference on Computing, ICC 2019, Riyadh, Saudi Arabia, December 10--12, 2019, Proceedings, Part I 1},
  pages={317--328},
  year={2019},
  organization={Springer}
}
@inproceedings{nashir2023indonesian,
  title={Indonesian Stock Index Price Prediction Using the Stacked Bidirectional Unidirectional Long Short-Term Memory (SBU-LSTM) with the GDELT News Sentiment},
  author={Nashir, Ridhwan and Gunawan, Putu Harry and Palupi, Irma},
  booktitle={2023 3rd International Conference on Intelligent Cybernetics Technology \& Applications (ICICyTA)},
  pages={243--248},
  year={2023},
  organization={IEEE}
}
@inproceedings{consoli2021information,
  title={Information extraction from the GDELT database to analyse EU sovereign bond markets},
  author={Consoli, Sergio and Tiozzo Pezzoli, Luca and Tosetti, Elisa},
  booktitle={Mining Data for Financial Applications: 5th ECML PKDD Workshop, MIDAS 2020, Ghent, Belgium, September 18, 2020, Revised Selected Papers 5},
  pages={55--67},
  year={2021},
  organization={Springer}
}
@inproceedings{leetaru2013gdelt,
  title={Gdelt: Global data on events, location, and tone, 1979--2012},
  author={Leetaru, Kalev and Schrodt, Philip A},
  booktitle={ISA annual convention},
  volume={2},
  number={4},
  pages={1--49},
  year={2013},
  organization={Citeseer}
}
@article{cucuringu2025forecasting,
  title={Forecasting Intraday Volume in Equity Markets with Machine Learning},
  author={Cucuringu, Mihai and Li, Kang and Zhang, Chao},
  journal={arXiv preprint arXiv:2505.08180},
  year={2025}
}
@techreport{goyenko2024trading,
  title={Trading volume alpha},
  author={Goyenko, Ruslan and Kelly, Bryan T and Moskowitz, Tobias J and Su, Yinan and Zhang, Chao},
  year={2024},
  institution={National Bureau of Economic Research}
}
@article{satish2014predicting,
  title={Predicting intraday trading volume and volume percentages},
  author={Satish, Venkatesh and Saxena, Abhay and Palmer, Max},
  journal={The journal of trading},
  volume={9},
  number={3},
  pages={15--25},
  year={2014}
}
@inproceedings{optuna_2019,
    title={Optuna: A Next-generation Hyperparameter Optimization Framework},
    author={Akiba, Takuya and Sano, Shotaro and Yanase, Toshihiko and Ohta, Takeru and Koyama, Masanori},
    booktitle={Proceedings of the 25th {ACM} {SIGKDD} International Conference on Knowledge Discovery and Data Mining},
    year={2019}
}
@article{brownlees2011intra,
  title={Intra-daily volume modeling and prediction for algorithmic trading},
  author={Brownlees, Christian T and Cipollini, Fabrizio and Gallo, Giampiero M},
  journal={Journal of Financial Econometrics},
  volume={9},
  number={3},
  pages={489--518},
  year={2011},
  publisher={Oxford University Press}
}
@article{chen2016forecasting,
  title={Forecasting intraday trading volume: a kalman filter approach},
  author={Chen, Ran and Feng, Yiyong and Palomar, Daniel},
  journal={Available at SSRN 3101695},
  year={2016}
}